@online{nasa-latex-docs,
   title = "{GitHub: Nasa-LaTeX-Docs}",
   year = "2017",
   url = "https://github.com/nasa/nasa-latex-docs"
}